@ARTICLE{Gyurjyan:2011,
	author = {Gyurjyan, V. and others},
	title = {CLARA: A Contemporary Approach to Physics Data Processing},
	journal = {Journal of Physics: Conf. Ser.},
	year = {2011},
	volume = {331},
}

@BOOK{Morrison:2010,
	author = {Morrison, P.},
	title = {Flow-Based Programming: A New Approach to Application Development},
	publisher = {CreateSpace Independent Publishing Platform},
	year = {2010},
}
